<?xml version="1.0" encoding="UTF-8"?><collection xmlns="http://www.loc.gov/MARC21/slim"><record><leader>00666nam--2200193-i-4500</leader><controlfield tag="001">000013553</controlfield><controlfield tag="002">20161230</controlfield><controlfield tag="005">20161230201030</controlfield><controlfield tag="008">060222s1000------------r-----000-0-eng-d</controlfield><datafield ind1=" " ind2=" " tag="040"><subfield code="a">IFIN-HH</subfield></datafield><datafield ind1=" " ind2=" " tag="080"><subfield code="a">577.338:621.384.634(061.3)</subfield></datafield><datafield ind1="1" ind2=" " tag="100"><subfield code="a">Castellani, A</subfield></datafield><datafield ind1="1" ind2="0" tag="245"><subfield code="a">Synchrotron radiation appliied to biophysical and biochemical research. nato advanced study institutes series. vol. 25</subfield><subfield code="c">A. castellani, i.f. quercia (eds.)</subfield></datafield><datafield ind1=" " ind2=" " tag="260"><subfield code="a">New York</subfield><subfield code="b">Plenum Press</subfield><subfield code="c">1979</subfield></datafield><datafield ind1=" " ind2=" " tag="300"><subfield code="a">XI+390 P</subfield></datafield><datafield ind1=" " ind2=" " tag="490"><subfield code="a">Nato Advanced Study Institutes Series, 25.Series A. Life Sciences</subfield></datafield><datafield ind1="1" ind2=" " tag="700"><subfield code="a">Quercia, I.F</subfield><subfield code="e">Ed</subfield></datafield><datafield ind1=" " ind2=" " tag="852"><subfield code="a">48933</subfield><subfield code="c">53</subfield></datafield><datafield ind1=" " ind2=" " tag="CAT"><subfield code="a">Sys</subfield><subfield code="c">20150331</subfield><subfield code="h">105936</subfield></datafield></record></collection>